@article{abc12,
	Author = {Max Mustermann},
	Date-Added = {2012-11-14 15:48:16 +0000},
	Date-Modified = {2012-11-14 15:48:47 +0000},
	Journal = {Journal XY},
	Title = {A Paper With A Title},
	Year = {2012}}
