@article{oh2012,
    title={Recent Java exploitation trends and malware},
    author={Oh, Jeong Wook},
    year={2012}
}

@book{donovan2015,
    title={The Go programming language},
    author={Donovan, Alan AA and Kernighan, Brian W},
    year={2015},
    publisher={Addison-Wesley Professional}
}
