
@inproceedings{alnaeli2017,
  title = {Source {{Code Vulnerabilities}} in {{IoT Software Systems}}},
  booktitle = {Advances in {{Science}}, {{Technology}} and {{Engineering Systems Journal}}},
  author = {Alnaeli, Saleh Mohamed and Sarnowski, Melissa and Aman, Md Sayedul and Yelamarthi, Ahmed Kumar},
  year = {2017},
  month = aug,
  volume = {2},
  pages = {1502--1507},
  series = {3}
}

@misc{cargogeiger,
  title = {Cargo {{Geiger Tool}}},
  author = {{Github User anderejd}},
  year = {2018}
}

@inproceedings{evans2020,
  title = {Is {{Rust Used Safely}} by {{Software Developers}}?},
  booktitle = {42nd {{International Conference}} on {{Software Engineering}} ({{ICSE}} '20)},
  author = {Evans, Ana Nora and Campbell, Bradford and Soffa, Mary Lou},
  year = {2020},
  month = may,
  publisher = {{ACM, New York, NY, USA}},
  address = {{Seoul, Republic of Korea}},
  doi = {10.1145/3377811.3380413}
}

@misc{govet,
  title = {Go {{Vet Tool}}},
  author = {{Golang Developers}},
  year = {2009}
}

@inproceedings{kula2017,
  title = {Do Developers Update Their Library Dependencies?},
  booktitle = {Empir {{Software Eng}} (2018) 23},
  author = {Kula, Raula Gaikovina and German, Daniel M. and Ouni, Ali and Ishio, Takashi and Inoue, Katsuro},
  year = {2017},
  month = may,
  pages = {384--417},
  publisher = {{Springer Science+Business Media}},
  address = {{New York}},
  doi = {10.1007/s10664-017-9521-5}
}

@inproceedings{larochelle2001,
  title = {Statically {{Detecting Likely Buffer Overflow Vulnerabilities}}},
  booktitle = {10th {{USENIX Security Symposium}}},
  author = {Larochelle, David and Evans, David},
  year = {2001}
}

@inproceedings{mirhosseini2017,
  title = {Can Automated Pull Requests Encourage Software Developers to Upgrade Out-of-Date Dependencies?},
  booktitle = {2017 32nd {{IEEE}}/{{ACM International Conference}} on {{Automated Software Engineering}} ({{ASE}})},
  author = {Mirhosseini, Samim and Parnin, Chris},
  year = {2017},
  month = oct,
  pages = {84--94},
  publisher = {{IEEE}},
  address = {{Urbana, IL, USA}},
  doi = {10.1109/ASE.2017.8115621}
}

@inproceedings{pashchenko2018,
  title = {Vulnerable {{Open Source Dependencies}}: {{Counting Those That Matter}}},
  booktitle = {{{ESEM}} '18: {{Proceedings}} of the 12th {{ACM}}/{{IEEE International Symposium}} on {{Empirical Software Engineering}} and {{Measurement}}},
  author = {Pashchenko, Ivan and Plate, Henrik and Ponta, Serena Elisa and Sabetta, Antonino and Massacci, Fabio},
  year = {2018},
  month = oct,
  pages = {1--10},
  publisher = {{ACM}},
  address = {{Oulu, Finland}},
  doi = {10.1145/3239235.3268920}
}

@inproceedings{qin2020,
  title = {Understanding {{Memory}} and {{Thread Safety Practices}} and {{Issues}} in {{Real}}-{{World Rust Programs}}},
  booktitle = {{{PLDI}} '20},
  author = {Qin, Boqin and Chen, Yilun and Yu, Zeming and Song, Linhai and Zhang, Yiying},
  year = {2020},
  month = jun,
  pages = {763--779},
  publisher = {{ACM}},
  address = {{London, UK}},
  doi = {10.1145/3385412.3386036}
}

@inproceedings{smith2020,
  title = {Why {{Can}}'t {{Johnny Fix Vulnerabilities}}: {{A Usability Evaluation}} of {{Static Analysis Tools}} for {{Security}}},
  booktitle = {{{USENIX Symposium}} on {{Usable Privacy}} and {{Security}} ({{SOUPS}}) 2020},
  author = {Smith, Justin and Do, Lisa Nguyen Quang and {Murphy-Hill}, Emerson},
  year = {2020},
  month = aug,
  pages = {169--184},
  address = {{Virtual}}
}

@inproceedings{wang2020,
  title = {Escape from {{Escape Analysis}} of {{Golang}}},
  booktitle = {{{ICSE}}},
  author = {Wang, Cong and Zhang, Mingrui and Jiang, Yu and Zhang, Huafeng and Xing, Zhenchang and Gu, Ming},
  year = {2020},
  month = may,
  publisher = {{ACM}},
  address = {{Seoul, Republic of Korea}},
  doi = {10.1145/3377813.3381368}
}

@inproceedings{watanabe2017,
  title = {Understanding the {{Origins}} of {{Mobile App Vulnerabilities}}: {{A Large}}-Scale {{Measurement Study}} of {{Free}} and {{Paid Apps}}},
  booktitle = {2017 {{IEEE}}/{{ACM}} 14th {{International Conference}} on {{Mining Software Repositories}} ({{MSR}})},
  author = {Watanabe, Takuya and Akiyama, Mitsuaki and Kanei, Fumihiro and Shioji, Eitaro and Takata, Yuta and Sun, Bo and Ishi, Yuta and Shibahara, Toshiki and Yagi, Takeshi and Mori, Tatsuya},
  year = {2017},
  month = may,
  pages = {14--24},
  publisher = {{IEEE}},
  address = {{Buenos Aires, Argentina}},
  doi = {10.1109/MSR.2017.23}
}


