@inproceedings {lehmann-everything-2020,
title = {Everything Old is New Again: Binary Security of WebAssembly},
booktitle = {29th {USENIX} Security Symposium ({USENIX} Security 20)},
year = {2020},
url = {https://www.usenix.org/conference/usenixsecurity20/presentation/lehmann},
publisher = {{USENIX} Association},
month = aug,
}

@inproceedings{szekeres2013sok,
  title={Sok: Eternal war in memory},
  author={Szekeres, Laszlo and Payer, Mathias and Wei, Tao and Song, Dawn},
  booktitle={2013 IEEE Symposium on Security and Privacy},
  pages={48--62},
  year={2013},
  organization={IEEE}
}

@inproceedings{burow2018CUP,
author = {Burow, Nathan and McKee, Derrick and Carr, Scott A. and Payer, Mathias},
title = {CUP: Comprehensive User-Space Protection for C/C++},
year = {2018},
isbn = {9781450355766},
publisher = {Association for Computing Machinery},
address = {New York, NY, USA},
url = {https://doi.org/10.1145/3196494.3196540},
doi = {10.1145/3196494.3196540},
booktitle = {Proceedings of the 2018 on Asia Conference on Computer and Communications Security},
pages = {381–392},
numpages = {12},
keywords = {sanitizer, memory safety, application security, temporal memory safety, spatial memory safety},
location = {Incheon, Republic of Korea},
series = {ASIACCS ’18}
}
  

