
@article{alnaeli2017,
author = {Alnaeli, Saleh Mohamed and Sarnowski, Melissa and Aman, Sayedul and Abdelgawad, Ahmed and Yelamarthi, Kumar},
doi = {10.25046/aj0203188},
journal = {Advances in Science, Technology and Engineering Systems Journal (ASTES)},
number = {3},
pages = {1502--1507},
title = {{Source Code Vulnerabilities in IoT Software Systems}},
volume = {2},
todonote = {Even on the official homepage, no publisher is mentioned https://astesj.com/v02/i03/p188/},
year = {2017},
month = aug
}

@misc{cargogeiger,
  title = {Cargo {{Geiger Tool}}},
  author = {{Github User anderejd} and {Cargo Geiger Authors}},
  year = {2018}
}

@article{choi1999,
  title = {Escape Analysis for {{Java}}},
  author = {Choi, Jong-Deok and Gupta, Manish and Serrano, Mauricio and Sreedhar, Vugranam C. and Midkiff, Sam},
  year = {1999},
  month = oct,
  volume = {34},
  pages = {1--19},
  issn = {0362-1340},
  doi = {10.1145/320385.320386},
  journal = {ACM SIGPLAN Notices},
  number = {10}
}

@inproceedings{chou2001,
  title = {An {{Empirical Study}} of {{Operating Systems Errors}}},
  booktitle = {{ACM Symposium on Operating Systems Principles (SOSP)}},
  author = {Chou, Andy and Yang, Junfeng and Chelf, Benjamin and Hallem, Seth and Engler, Dawson},
  year = {2001},
  month = oct,
  pages = {73--88},
  publisher = {{ACM}},
  address = {{Benff, Canada}},
  doi = {10.1145/502034.502042}
}

@article{costa2020,
  title = {Breaking {{Type}}-{{Safety}} in {{Go}}: {{An Empirical Study}} on the {{Usage}} of the Unsafe {{Package}}},
  shorttitle = {Breaking {{Type}}-{{Safety}} in {{Go}}},
  author = {Costa, Diego Elias and Mujahid, Suhaib and Abdalkareem, Rabe and Shihab, Emad},
  year = {2020},
  month = jun,
  archivePrefix = {arXiv},
  eprint = {2006.09973},
  eprinttype = {arxiv},
  journal = {arXiv:2006.09973 [cs]},
  keywords = {Computer Science - Machine Learning,Computer Science - Programming Languages,Computer Science - Software Engineering},
  primaryClass = {cs}
}

@inproceedings{cui2018,
  title = {\{\vphantom\}{{REPT}}\vphantom\{\}: {{Reverse Debugging}} of {{Failures}} in {{Deployed Software}}},
  shorttitle = {\{\vphantom\}{{REPT}}\vphantom\{\}},
  booktitle = { \{\vphantom\}{{USENIX}}\vphantom\{\} {{Symposium}} on {{Operating Systems Design}} and {{Implementation}} (\{\vphantom\}{{OSDI}}\vphantom\{\} 18)},
  author = {Cui, Weidong and Ge, Xinyang and Kasikci, Baris and Niu, Ben and Sharma, Upamanyu and Wang, Ruoyu and Yun, Insu},
  year = {2018},
  pages = {17--32},
  isbn = {978-1-939133-08-3},
  language = {en}
}

@inproceedings{difranco2017,
  title = {A Comprehensive Study of Real-World Numerical Bug Characteristics},
  booktitle = {{{IEEE}}/{{ACM International Conference}} on {{Automated Software Engineering}} ({{ASE}})},
  author = {Di Franco, Anthony and Guo, Hui and {Rubio-Gonz{\'a}lez}, Cindy},
  year = {2017},
  month = oct,
  pages = {509--519},
  doi = {10.1109/ASE.2017.8115662},
}

@inproceedings{dilley2019,
  title = {An {{Empirical Study}} of {{Messaging Passing Concurrency}} in {{Go Projects}}},
  booktitle = {2019 IEEE 26th {{International Conference}} on {{Software Analysis}}, {{Evolution}} and {{Reengineering}} ({{SANER}})},
  todonote = {Official IEEE page adds year before the booktitle. Didn't follow the style used earlier & doesn't list publisher. ;)  \url{https://ieeexplore.ieee.org/abstract/document/8668036}},
  author = {Dilley, Nicolas and Lange, Julien},
  publisher = {IEEE},
  year = {2019},
  month = feb,
  pages = {377--387},
  issn = {1534-5351},
  doi = {10.1109/SANER.2019.8668036},
}


@inproceedings{evans2020,
  title = {Is {{Rust Used Safely}} by {{Software Developers}}?},
  booktitle = {IEEE/ACM {{International Conference}} on {{Software Engineering}} ({{ICSE}})},
  author = {Evans, Ana Nora and Campbell, Bradford and Soffa, Mary Lou},
  year = {2020},
  month = May,
  publisher = {{ACM}},
  todonote = {The proceedings aren't available yet. Thus, need to check it again for the final version. }
}

@inproceedings{gabet2020,
  title = {Static {{Race Detection}} and {{Mutex Safety}} and {{Liveness}} for {{Go Programs}}},
  booktitle = {European Conference on Object-Oriented Programming  (ECOOP)},
  author = {Gabet, Julia and Yoshida, Nobuko},
  year = {2020},
  todonote = {Check for camera ready if more infomration are available, like Publisher and pages},
  publisher2019 =	{Schloss Dagstuhl--Leibniz-Zentrum fuer Informatik},
  month = {Nov}
}


@inproceedings{giunti2020,
  title = {{{GoPi}}: {{Compiling}} Linear and Static Channels in Go},
  booktitle = {Coordination Models and Languages (COORDINATION)},
  author = {Giunti, Marco},
  year = {2020},
  publisher="Springer International Publishing",
  month = jun,
  todonote = {Add month as first published, as at least at the moment, the official bibtex didn't have a month and booktitle didn't include abbreviation \url{https://link.springer.com/chapter/10.1007/978-3-030-50029-0_9}}}
  pages="137--152", 
  isbn = {978-3-030-50029-0}
}

@misc{go-unsafe-pkg,
  title = {Unsafe {{Package}}},
  author = {{The Go Programming Language}},
  howpublished = {https://golang.org/pkg/unsafe/}
}

@misc{gocsv,
  title = {Gocarina/Gocsv {{Go Library}}},
  author = {{Github User gocarina} and {Gocsv Authors}},
  year = {2020},
  month = jun,
  copyright = {MIT License         ,                 MIT License},
  howpublished = {gocarina}
}

@misc{gogit,
  title = {Go-Git/Go-Git {{Go Library}}},
  author = {{Go-Git Authors}},
  year = {2020},
  month = jun,
  copyright = {Apache-2.0 License         ,                 Apache-2.0 License},
  howpublished = {go-git},
  keywords = {git,git-client,git-server,go-git,golang}
}

@misc{gogithub,
  title = {Google/Go-Github {{Go Library}}},
  author = {{Go-Github Authors}},
  year = {2020},
  month = jun,
  copyright = {BSD-3-Clause License         ,                 BSD-3-Clause License},
  howpublished = {Google},
  keywords = {github-api,go}
}

@misc{govet,
  title = {Go {{Vet Tool}}},
  author = {{Golang Developers}},
  year = {2009}
}

@inproceedings{gu2015,
  title = {What Change History Tells Us about Thread Synchronization},
  booktitle = {{Joint Meeting on Foundations of Software Engineering (ESEC/FSE)}},
  author = {Gu, Rui and Jin, Guoliang and Song, Linhai and Zhu, Linjie and Lu, Shan},
  year = {2015},
  month = aug,
  pages = {426--438},
  publisher = {{ACM}},
  address = {{Bergamo, Italy}},
  doi = {10.1145/2786805.2786815},
  isbn = {978-1-4503-3675-8},
}

@inproceedings{gunawi2014,
  title = {What {{Bugs Live}} in the {{Cloud}}? {{A Study}} of 3000+ {{Issues}} in {{Cloud Systems}}},
  shorttitle = {What {{Bugs Live}} in the {{Cloud}}?},
  booktitle = {{ACM Symposium on Cloud Computing (SOCC}},
  author = {Gunawi, Haryadi S. and Hao, Mingzhe and Leesatapornwongsa, Tanakorn and {Patana-anake}, Tiratat and Do, Thanh and Adityatama, Jeffry and Eliazar, Kurnia J. and Laksono, Agung and Lukman, Jeffrey F. and Martin, Vincentius and Satria, Anang D.},
  year = {2014},
  month = nov,
  pages = {1--14},
  publisher = {{ACM}},
  address = {{Seattle, WA, USA}},
  doi = {10.1145/2670979.2670986},
  isbn = {978-1-4503-3252-1},
}

@article{hannan1998,
  title = {A Type-Based Escape Analysis for Functional Languages},
  author = {Hannan, John},
  year = {1998},
  month = may,
  volume = {8},
  pages = {239--273},
  publisher = {{Cambridge University Press}},
  issn = {1469-7653, 0956-7968},
  doi = {10.1017/S0956796898003025},
  journal = {Journal of Functional Programming},
  language = {en},
  number = {3}
}

@inproceedings{hill2002,
  title = {A {{Foundation}} of {{Escape Analysis}}},
  booktitle = {Algebraic {{Methodology}} and {{Software Technology}}},
  author = {Hill, Patricia M. and Spoto, Fausto},
  editor = {Kirchner, H{\'e}l{\`e}ne and Ringeissen, Christophe},
  year = {2002},
  pages = {380--395},
  publisher = {{Springer}},
  address = {{Berlin, Heidelberg}},
  doi = {10.1007/3-540-45719-4_26},
  isbn = {978-3-540-45719-0},
  keywords = {Abstract Domain,Abstract Interpretation,Abstract Operation,Concrete State,Type Environment},
  language = {en},
  series = {Lecture {{Notes}} in {{Computer Science}}}
}

@inproceedings{huang2019,
  title = {{{SafeCheck}}: {{Safety Enhancement}} of {{Java Unsafe API}}},
  shorttitle = {{{SafeCheck}}},
  booktitle = {IEEE/ACM International Conference on Software Engineering (ICSE)},
  author = {Huang, Shiyou and Guo, Jianmei and Li, Sanhong and Li, Xiang and Qi, Yumin and Chow, Kingsum and Huang, Jeff},
  year = {2019},
  month = may,
  publisher = {ACM},
  issn = {1558-1225},
pages={889-899},
  doi = {10.1109/ICSE.2019.00095},
}

@article{jin2012,
  title = {Understanding and Detecting Real-World Performance Bugs},
  author = {Jin, Guoliang and Song, Linhai and Shi, Xiaoming and Scherpelz, Joel and Lu, Shan},
  year = {2012},
  month = jun,
  volume = {47},
  issn = {0362-1340},
  doi = {10.1145/2345156.2254075},
  journal = {ACM SIGPLAN Notices},
  keywords = {characteristics study,performance bugs,rule-based bug detection},
  number = {6}
}

@article{kula2017,
  title={Do developers update their library dependencies?},
  author={Kula, Raula Gaikovina and German, Daniel M and Ouni, Ali and Ishio, Takashi and Inoue, Katsuro},
  journal={Empirical Software Engineering},
  volume={23},
  number={1},
  year={2018},
}
@inproceedings{lange2017,
author = {Lange, Julien and Ng, Nicholas and Toninho, Bernardo and Yoshida, Nobuko},
title = {Fencing off Go: Liveness and Safety for Channel-Based Programming},
year = {2017},
month = jan,
publisher = {ACM},
pages = {748–761},
booktitle = {ACM SIGPLAN Symposium on Principles of Programming Languages (POPL)},
todonote = {ACM didn't add POPL, but add it for consistency.}
}

  

@inproceedings{larochelle2001,
  title = {Statically {{Detecting Likely Buffer Overflow Vulnerabilities}}},
  booktitle = {{{USENIX Security Symposium (USENIX Security)}}},
  author = {Larochelle, David and Evans, David},
  year = {2001},
  pages = {177–190},
  month = {June},
  publisher = {{USENIX} Association}
}

@article{lauinger2017,
  title = {Thou {{Shalt Not Depend}} on {{Me}}: {{Analysing}} the {{Use}} of {{Outdated JavaScript Libraries}} on the {{Web}}},
  shorttitle = {Thou {{Shalt Not Depend}} on {{Me}}},
  author = {Lauinger, Tobias and Chaabane, Abdelberi and Arshad, Sajjad and Robertson, William and Wilson, Christo and Kirda, Engin},
  year = {2017},
  doi = {10.14722/ndss.2017.23414},
  booktitle = {Annual Network and Distributed System Security Symposium, {NDSS}},
   publisher = {The Internet Society},
  journal = {{Network and Distributed System Security Symposium (NDSS)}},
  month = feb,
  keywords = {Computer Science - Cryptography and Security}
}

@inproceedings{leesatapornwongsa2016,
  title = {{{TaxDC}}: {{A Taxonomy}} of {{Non}}-{{Deterministic Concurrency Bugs}} in {{Datacenter Distributed Systems}}},
  shorttitle = {{{TaxDC}}},
  booktitle = {{ International Conference on Architectural Support for Programming Languages and Operating Systems (ASPLOS)}},
  author = {Leesatapornwongsa, Tanakorn and Lukman, Jeffrey F. and Lu, Shan and Gunawi, Haryadi S.},
  year = {2016},
  month = mar,
  pages = {517--530},
  publisher = {{ACM}},
  doi = {10.1145/2872362.2872374},
  isbn = {978-1-4503-4091-5},
  keywords = {concurrency bugs,distributed systems,software testing},
}

@inproceedings{lu2013,
  title = {A {{Study}} of {{Linux File System Evolution}}},
  booktitle = {\{\vphantom\}{{USENIX}}\vphantom\{\} {{Conference}} on {{File}} and {{Storage Technologies}} (\{\vphantom\}{{FAST}}\vphantom\{\} 13)},
  author = {Lu, Lanyue and {Arpaci-Dusseau}, Andrea C. and {Arpaci-Dusseau}, Remzi H. and Lu, Shan},
  year = {2013},
  pages = {31--44},
  isbn = {978-1-931971-99-7},
  language = {en}
}

@inproceedings{mastrangelo2015,
author = {Mastrangelo, Luis and Ponzanelli, Luca and Mocci, Andrea and Lanza, Michele and Hauswirth, Matthias and Nystrom, Nathaniel},
title = {Use at Your Own Risk: The Java Unsafe API in the Wild},
year = {2015},
month = oct,
pages = {695–710},
publisher = {ACM},
booktitle = {ACM SIGPLAN International Conference on Object-Oriented Programming, Systems, Languages, and Applications (OOPSLA)},
keywords = {Stack Overflow, mining, patterns, unsafe, Java, Maven Central},
}

@inproceedings{mirhosseini2017,
  title = {Can Automated Pull Requests Encourage Software Developers to Upgrade Out-of-Date Dependencies?},
  booktitle = {IEEE/ACM International Conference on Automated Software Engineering (ASE)},
  author = {Mirhosseini, Samim and Parnin, Chris},
  year = {2017},
  month = oct,
  publisher = {IEEE},
  pages={84-94},
  doi = {10.1109/ASE.2017.8115621}
}

@inproceedings{pashchenko2018,
  title = {Vulnerable {{Open Source Dependencies}}: {{Counting Those That Matter}}},
  booktitle = {ACM/IEEE International Symposium on Empirical Software Engineering and Measurement (ESEM)},
  author = {Pashchenko, Ivan and Plate, Henrik and Ponta, Serena Elisa and Sabetta, Antonino and Massacci, Fabio},
  year = {2018},
  month = oct,
  publisher = {ACM},
  pages = {1--10},
  doi = {10.1145/3239235.3268920}
}

@inproceedings{qin2020,
  title = {Understanding {{Memory}} and {{Thread Safety Practices}} and {{Issues}} in {{Real}}-{{World Rust Programs}}},
  booktitle = {ACM SIGPLAN Conference on Programming Language Design and Implementation (PLDI)},
  todonote = {ACM bibtex did not include PLDI abbreviation \url{https://dl.acm.org/doi/abs/10.1145/3385412.3386036}},
  author = {Qin, Boqin and Chen, Yilun and Yu, Zeming and Song, Linhai and Zhang, Yiying},
  year = {2020},
  month = jun,
  pages={763--779},
  publisher = {ACM},
  doi = {10.1145/3385412.3386036}
}

@inproceedings{sajnani2014,
  title = {Is {{Popularity}} a {{Measure}} of {{Quality}}? {{An Analysis}} of {{Maven Components}}},
  shorttitle = {Is {{Popularity}} a {{Measure}} of {{Quality}}?},
  booktitle = {{{IEEE International Conference}} on {{Software Maintenance}} and {{Evolution}}},
  author = {Sajnani, Hitesh and Saini, Vaibhav and Ossher, Joel and Lopes, Cristina V.},
  year = {2014},
  month = sep,
  pages = {231--240},
  issn = {1063-6773},
  doi = {10.1109/ICSME.2014.45},
}

@inproceedings{sibiryov2017,
  title = {Golangs Garbage},
  author = {Sibiryov, Andrey},
  booktitle = {SREcon17},
  year = {2017},
  month = may,
  noteOnPages = {SREconf seems to have only talks and no proceedings with pages: \url{https://www.usenix.org/conference/srecon17asia/program/presentation/sibiryov}},
  publisher = {{USENIX Association}}
}

@inproceedings{smith2020,
  title = {Why {{Can}}'t {{Johnny Fix Vulnerabilities}}: {{A Usability Evaluation}} of {{Static Analysis Tools}} for {{Security}}},
  booktitle = {{{USENIX Symposium}} on {{Usable Privacy}} and {{Security}} ({{SOUPS}})},
  author = {Smith, Justin and Do, Lisa Nguyen Quang and {Murphy-Hill}, Emerson},
  year = {2020},
  month = aug,
  pages = {169--184},
}

@inproceedings{tu2019,
  title = {Understanding {{Real}}-{{World Concurrency Bugs}} in {{Go}}},
  booktitle = {{{International Conference}} on {{Architectural Support}} for {{Programming Languages}} and {{Operating Systems}} {{(ASPLOS)}}},
  author = {Tu, Tengfei and Liu, Xiaoyu and Song, Linhai and Zhang, Yiying},
  year = {2019},
  month = apr,
  doi = {10.1145/3297858.3304069},
  isbn = {978-1-4503-6240-5},
  pages = {865--878},
  publisher = {ACM},
  todonote = {booktitle of the official ACM site: booktitle = {Proceedings of the Twenty-Fourth International Conference on Architectural Support for Programming Languages and Operating Systems}, differs from schema used previously \url{https://dl.acm.org/doi/abs/10.1145/3297858.3304069}},
  keywords = {bug study,concurrency bug,go},
}

@inproceedings{wang2020,
  title = {Escape from {{Escape Analysis}} of {{Golang}}},
  booktitle = {{{IEEE/ACM International Conference on Software Engineering (ICSE)}}},
  author = {Wang, Cong and Zhang, Mingrui and Jiang, Yu and Zhang, Huafeng and Xing, Zhenchang and Gu, Ming},
  year = {2020},
  month = may,
  publisher = {{ACM}},
  todonote = {28.07.2020: Proceedings are not yet published and pages are not known yet. Check for update for camera ready},
  doi = {10.1145/3377813.3381368}
}

@inproceedings{watanabe2017,
  title = {Understanding the {{Origins}} of {{Mobile App Vulnerabilities}}: {{A Large}}-Scale {{Measurement Study}} of {{Free}} and {{Paid Apps}}},
  booktitle = {{{IEEE}}/{{ACM}} {{International Conference}} on {{Mining Software Repositories}} ({{MSR}})},
  author = {Watanabe, Takuya and Akiyama, Mitsuaki and Kanei, Fumihiro and Shioji, Eitaro and Takata, Yuta and Sun, Bo and Ishi, Yuta and Shibahara, Toshiki and Yagi, Takeshi and Mori, Tatsuya},
  year = {2017},
  month = may,
  pages = {14--24},
  publisher = {{IEEE}},
  doi = {10.1109/MSR.2017.23}
}

@inproceedings{wickert2019,
  title = {A {{Dataset}} of {{Parametric Cryptographic Misuses}}},
  booktitle = {{{IEEE}}/{{ACM}} {{International}}  {{Conference}} on {{Mining Software Repositories}} ({{MSR}})},
  author = {Wickert, Anna-Katharina and Reif, Michael and Eichberg, Michael and Dodhy, Anam and Mezini, Mira},
  year = {2019},
  month = mar,
  publisher = {{IEEE}},
  language = {en}
}

@article{xia2014,
  title = {Studying {{Reuse}} of {{Out}}-Dated {{Third}}-Party {{Code}} in {{Open Source Projects}}},
  author = {Xia, Pei and Matsushita, Makoto and Yoshida, Norihiro and Inoue, Katsuro},
  year = {2014},
  volume = {9},
  pages = {155--161},
  doi = {10.11185/imt.9.155},
  journal = {Information and Media Technologies},
  number = {2}
}

@inproceedings{zhou2017,
  title = {Automated Identification of Security Issues from Commit Messages and Bug Reports},
  booktitle = {{{Joint Meeting}} on {{Foundations}} of {{Software Engineering (ESEC/FSE}}},
  author = {Zhou, Yaqin and Sharma, Asankhaya},
  year = {2017},
  month = aug,
  pages = {914--919},
  publisher = {{ACM}},
  doi = {10.1145/3106237.3117771},
  isbn = {978-1-4503-5105-8},
}


