@inproceedings {lehmann-everything-2020,
author = {Lehmann, Daniel and Kinder, Johannes and Pradel, Michael},
title = {Everything Old is New Again: Binary Security of WebAssembly},
booktitle = {{USENIX} Security Symposium ({USENIX} Security)},
year = {2020},
publisher = {{USENIX} Association},
month = aug,
}

@inproceedings{szekeres2013sok,
  title={Sok: Eternal war in memory},
  author={Szekeres, Laszlo and Payer, Mathias and Wei, Tao and Song, Dawn},
  pages={48-62},
  booktitle={IEEE Symposium on Security and Privacy (SP)},
  year={2013},
  publisher = {IEEE},
  month = may
}

@inproceedings{burow2018CUP,
author = {Burow, Nathan and McKee, Derrick and Carr, Scott A. and Payer, Mathias},
title = {{CUP: Comprehensive User-Space Protection for C/C++}},
year = {2018},
isbn = {9781450355766},
publisher = {ACM},
doi = {10.1145/3196494.3196540},
booktitle = {ACM Asia Conference on Computer and Communications Security (ASIACCS)},
pages = {381–392},
numpages = {12},
seriesACM = {ASIACCS ’18},
month = may,
todonote = {ACM dioesn't have the abbreviation and instead list series.}
}
  

@inproceedings{song2019sok,
  title={SoK: sanitizing for security},
  author={Song, Dokyung and Lettner, Julian and Rajasekaran, Prabhu and Na, Yeoul and Volckaert, Stijn and Larsen, Per and Franz, Michael},
  booktitle={IEEE Symposium on Security and Privacy (SP)},
  pages={1275-1295},
  year={2019},
  publisher = {IEEE},
  month = may
}


@inproceedings{hussain2018Fidelius,
author = {Almohri, Hussain M. J. and Evans, David},
title = {Fidelius Charm: Isolating Unsafe Rust Code},
year = {2018},
isbn = {9781450356329},
doi = {10.1145/3176258.3176330},
booktitle = {ACM Conference on Data and Application Security and Privacy (CODASPY)},
todonote = {ACM page \url{https://dl.acm.org/doi/abs/10.1145/3176258.3176330} didn't include abbreviation},
pages = {248–255},
month = mar,
publisher = {ACM},
numpages = {8},
keywords = {rust, compartmentalization, isolation, sandboxing},
}  

@inproceedings{derr2017keep,
  title={Keep me updated: An empirical study of third-party library updatability on android},
  author={Derr, Erik and Bugiel, Sven and Fahl, Sascha and Acar, Yasemin and Backes, Michael},
  booktitle = {ACM SIGSAC Conference on Computer and Communications Security (CCS)},
  publisher = {ACM},
  month = oct,
  pages = {2187–2200},
  year={2017}
}

@inproceedings{nagarkatte2009SoftBound,
author = {Nagarakatte, Santosh and Zhao, Jianzhou and Martin, Milo M.K. and Zdancewic, Steve},
title = {SoftBound: Highly Compatible and Complete Spatial Memory Safety for c},
year = {2009},
month = jun,
isbn = {9781605583921},
doi = {10.1145/1542476.1542504},
booktitle = {ACM SIGPLAN Conference on Programming Language Design and Implementation (PLDI)},
pages = {245–258},
publisher = {ACM},
numpages = {14},
keywords = {buffer overflows, c, spatial memory safety},
}

@inproceedings{bodden2016information,
  title={Information flow analysis for go},
  author={Bodden, Eric and Pun, Ka I and Steffen, Martin and Stolz, Volker and Wickert, Anna-Katharina},
  booktitle="Leveraging Applications of Formal Methods, Verification and Validation: Foundational Techniques (ISoLA)",
  year={2016},
  publisher={Springer International Publishing},
  month = Oct,
  pages="431--445",
  todonote = {\url{https://link.springer.com/chapter/10.1007/978-3-319-47166-2_30} didn't had the month.}
}